@article{warren-brandeis-1890,
 ISSN = {0017811X},
 URL = {http://www.jstor.org/stable/1321160},
 author = {Samuel D. Warren and Louis D. Brandeis},
 journal = {Harvard Law Review},
 number = {5},
 pages = {193-220},
 publisher = {The Harvard Law Review Association},
 title = {The Right to Privacy},
 volume = {4},
 year = {1890}
}

@BOOK{java-jvm-spec,
  author = {Tim Lindholm and Frank Yellin},
  title = {The {Java} Virtual Machine Specification},
  publisher = {Addison-Wesley},
  year = 1996,
}


@article{gosling-interview,
 author = {Eric Allman},
 title = {A Conversation with {James} {Gosling}},
 journal = {ACM Queue Magazine},
 volume = 	 {2},
 number = 	 {5},
 month = {July/August},
 year = {2004},
 doi = {http://acmqueue.com/modules.php?name=Content&pa=showpage&pid=173},
 publisher = {ACM Press},
 address = {New York, NY, USA},
 }

@InProceedings{siva05,
 title = {Open Source as Culture-Culture as Open Source},
 AUTHOR = {Vaidhyanathan Siva},
 booktitle = {OPEN SOURCE ANNUAL 2005},
 editor = {Clemens Brandt},
 publisher = {Berlin: Technische University},
 year = 2005,
 url = {https://ssrn.com/abstract=713044}
 }

@webpage{bibtex-tutorial,
 author = { Martin J. Osborne},
 title = {using bibtex: a short guide },
 year = "2008",
 url =  {https://www.economics.utoronto.ca/osborne/latex/BIBTEX.HTM}
}

@MANUAL{Transmeta:Blurb00,
  TITLE = {The Technology behind Crusoe Processors},
  AUTHOR = {Transmeta},
  YEAR = 2000,
  MONTH = {Jan},
  zurl = {http://www.transmeta.com/crusoe/download/pdf/crusoetechwp.pdf},
  note = {http://www.transmeta.com/crusoe/download/pdf/crusoetechwp.pdf}

}

@TechReport{dynamoTR,
  author = "Vasanth Bala and Evelyn Duesterwald and Sanjeev Banerjia",
  title = "Transparent Dynamic Optimization: The Design and Implementation of {D}ynamo",
  institution =  "Hewlett Packard",
  year = 		 "1999",
  url = "http://www.hpl.hp.com/techreports/1999/HPL-1999-78.html",
  note = {102 pages}
}

@PHDTHESIS{chambers-diss,
   author = "Craig Chambers",
   title = "The Design and Implementation of the {S}elf Compiler, an Optimizing Compiler 
            for Object-Oriented Programming Languages",
   school = "Stanford University",
   year = 1988,
   note = { 227 pages},
}

